% This file was created with JabRef 2.8.
% Encoding: Cp1252

@INPROCEEDINGS{anslow08,
  author = {Anslow, Craig and Noble, James and Marshall, Stuart and Tempero,
	Ewan},
  title = {Visualizing the Word Structure of Java Class Names},
  booktitle = {OOPSLA Companion '08: Companion to the 23rd ACM SIGPLAN conference
	on Object-oriented programming systems languages and applications},
  year = {2008},
  pages = {777--778},
  address = {New York, NY, USA},
  publisher = {ACM},
  comment = {Software visualisation using ManyEyes of words used in class names
	of Java API specs and 91 open source apps. Most common words are
	test,action,impl and exception. Knowing this can help developers
	create coding standards for their class names.},
  keywords = {Class names, evolution, Java, software visualization},
  owner = {Jessica},
  timestamp = {2012.03.18}
}

@INCOLLECTION{baker01,
  author = {Baker, Kevin and Greenberg, Saul and Gutwin, Carl},
  title = {Heuristic Evaluation of Groupware Based on the Mechanics of Collaboration},
  booktitle = {Engineering for Human-Computer Interaction},
  publisher = {Springer Berlin / Heidelberg},
  year = {2001},
  editor = {Little, Murray and Nigay, Laurence},
  volume = {2254},
  series = {Lecture Notes in Computer Science},
  pages = {123-139},
  owner = {Jessica},
  timestamp = {2012.03.20}
}

@INPROCEEDINGS{baker02,
  author = {Baker, Kevin and Greenberg, Saul and Gutwin, Carl},
  title = {Empirical Development of a Heuristic Evaluation Methodology for Shared
	Workspace Groupware},
  booktitle = {CSCW '02 Proceedings of the 2002 ACM Conference on Computer Supported
	Cooperative Work},
  year = {2002},
  pages = {pages 96--105},
  publisher = {ACM Press},
  owner = {Jessica},
  timestamp = {2012.03.20}
}

@INPROCEEDINGS{bateman08,
  author = {Bateman, Scott and Gutwin, Carl and Nacenta, Miguel},
  title = {Seeing things in the clouds: the effect of visual features on tag
	cloud selections},
  booktitle = {Proceedings of the nineteenth ACM conference on Hypertext and hypermedia},
  year = {2008},
  series = {HT '08},
  pages = {193--202},
  address = {New York, NY, USA},
  publisher = {ACM},
  acmid = {1379130},
  doi = {10.1145/1379092.1379130},
  isbn = {978-1-59593-985-2},
  keywords = {social linking, tag clouds, visual properties, visualization of text},
  location = {Pittsburgh, PA, USA},
  numpages = {10},
  owner = {Jessica},
  timestamp = {2012.05.12},
  url = {http://doi.acm.org/10.1145/1379092.1379130}
}

@MISC{beck01,
  author = {Beck, Kent and Beedle, Mike and van Bennekum, Arie and Cockburn,
	Alistair and Cunningham, Ward and Fowler, Martin and Grenning, James
	and Highsmith, Jim and Hunt, Andrew and Jeffries, Ron and Kern, Jon
	and Marick, Brian and Martin, Robert C. and Mellor, Steve and Schwaber,
	Ken and Sutherland, Jeff and Thomas, Dave},
  title = {Manifesto for Agile Software Development},
  year = {2001},
  biburl = {http://www.bibsonomy.org/bibtex/28954248a545d88dd2c0e688d1c7e2f9d/juve},
  booktitle = {Manifesto for Agile Software Development},
  description = {Manifesto for Agile Software Development},
  interhash = {098cc7e185f10c3da390459a01e0d535},
  intrahash = {8954248a545d88dd2c0e688d1c7e2f9d},
  keywords = {imported},
  owner = {Jessica},
  timestamp = {2012.05.14},
  url = {http://www.agilemanifesto.org/}
}

@INPROCEEDINGS{bhat06,
  author = {Bhat, Thirumalesh and Nagappan, Nachiappan},
  title = {Evaluating the efficacy of test-driven development: industrial case
	studies},
  booktitle = {Proceedings of the 2006 ACM/IEEE international symposium on Empirical
	software engineering},
  year = {2006},
  series = {ISESE '06},
  pages = {356--363},
  address = {New York, NY, USA},
  publisher = {ACM},
  acmid = {1159787},
  doi = {10.1145/1159733.1159787},
  isbn = {1-59593-218-6},
  keywords = {software quality, test-driven development},
  location = {Rio de Janeiro, Brazil},
  numpages = {8},
  url = {http://doi.acm.org/10.1145/1159733.1159787}
}

@INPROCEEDINGS{callegari10,
  author = {Callegari, Johana and Morreale, Patricia},
  title = {Assessment of the utility of tag clouds for faster image retrieval},
  booktitle = {Proceedings of the international conference on Multimedia information
	retrieval},
  year = {2010},
  series = {MIR '10},
  pages = {437--440},
  address = {New York, NY, USA},
  publisher = {ACM},
  acmid = {1743461},
  doi = {10.1145/1743384.1743461},
  isbn = {978-1-60558-815-5},
  keywords = {content-based image retrieval, image collections, tag cloud},
  location = {Philadelphia, Pennsylvania, USA},
  numpages = {4},
  owner = {Jessica},
  timestamp = {2012.05.12},
  url = {http://doi.acm.org/10.1145/1743384.1743461}
}

@INPROCEEDINGS{candan08,
  author = {Candan, K. Sel\c{c}uk and Di Caro, Luigi and Sapino, Maria Luisa},
  title = {Creating tag hierarchies for effective navigation in social media},
  booktitle = {Proceedings of the 2008 ACM workshop on Search in social media},
  year = {2008},
  series = {SSM '08},
  pages = {75--82},
  address = {New York, NY, USA},
  publisher = {ACM},
  acmid = {1458597},
  doi = {10.1145/1458583.1458597},
  isbn = {978-1-60558-258-0},
  keywords = {tag hierarchy construction, visualization of social media},
  location = {Napa Valley, California, USA},
  numpages = {8},
  owner = {Jessica},
  timestamp = {2012.05.12},
  url = {http://doi.acm.org/10.1145/1458583.1458597}
}

@ARTICLE{chidamber-darcy-kemerer-98,
  author = {S.R. Chidamber and D.P. Darcy and C.F. Kemerer},
  title = {Managerial Use of Metrics for Object-Oriented Software: An Exploratory
	Analysis},
  journal = ieeese,
  year = {1998},
  volume = {24},
  pages = {629--639},
  number = {8},
  month = aug,
  owner = {Jessica},
  timestamp = {2012.04.05}
}

@TECHREPORT{deaker11b,
  author = {Neville Churcher and Chris Deaker and Warwick Irwin},
  title = {Applications of Tag Clouds in Information and Software Visualisation},
  institution = {{Department of Computer Science and Software Engineering}},
  year = {2011},
  type = {{Technical Report}},
  number = {{TR-COSC 02/11}},
  address = {{University of Canterbury, Christchurch, New Zealand}},
  annote = {submitted to ACSC2012},
  owner = {Jessica},
  timestamp = {2012.05.17}
}

@INPROCEEDINGS{cui10,
  author = {Weiwei Cui and Yingcai Wu and Shixia Liu and Furu Wei and Zhou, M.X.
	and Huamin Qu},
  title = {Context preserving dynamic word cloud visualization},
  booktitle = {Pacific Visualization Symposium (PacificVis), 2010 IEEE},
  year = {2010},
  pages = {121 -128},
  month = {march},
  doi = {10.1109/PACIFICVIS.2010.5429600},
  keywords = {context preserving dynamic word cloud visualization;document collection;geometry
	mesh;spatial stability;temporal content evolutions;trend chart;computational
	geometry;data visualisation;document handling;mesh generation;},
  owner = {Jessica},
  timestamp = {2012.05.12}
}

@TECHREPORT{deaker11c,
  author = {Chris Deaker and Neville Churcher},
  title = {Taggle Technical Manual},
  institution = {{Department of Computer Science and Software Engineering}},
  year = {2011},
  type = {{Technical Report}},
  number = {{TR-COSC 03/11}},
  address = {{University of Canterbury, Christchurch, New Zealand}},
  owner = {Jessica},
  timestamp = {2012.05.17}
}

@TECHREPORT{deaker11,
  author = {Chris Deaker and Neville Churcher and Warwick Irwin},
  title = {Tag Clouds in Software Visualisation},
  institution = {{Department of Computer Science and Software Engineering}},
  year = {2011},
  type = {{Technical Report}},
  number = {{TR-COSC 01/11}},
  address = {{University of Canterbury, Christchurch, New Zealand}},
  annote = {submitted to APSEC2011},
  owner = {Jessica},
  timestamp = {2012.05.17}
}

@BOOK{demeyer03,
  title = {Object-Oriented Reengineering Patterns},
  publisher = {Morgan Kaufmann},
  year = {2003},
  author = {Demeyer, Serge and Ducasse, Stéphane and Nierstrasz, Oscar},
  owner = {Jessica},
  timestamp = {2012.03.19}
}

@INPROCEEDINGS{deutsch11,
  author = {Deutsch, Stephanie and Schrammel, Johann and Tscheligi, Manfred},
  title = {Comparing different layouts of tag clouds: Findings on visual perception},
  booktitle = {Proceedings of the Second IFIP WG 13.7 conference on Human-computer
	interaction and visualization},
  year = {2011},
  series = {HCIV'09},
  pages = {23--37},
  address = {Berlin, Heidelberg},
  publisher = {Springer-Verlag},
  acmid = {1987033},
  isbn = {978-3-642-19640-9},
  location = {Uppsala, Sweden},
  numpages = {15},
  owner = {Jessica},
  timestamp = {2012.05.13},
  url = {http://dl.acm.org/citation.cfm?id=1987029.1987033}
}

@INPROCEEDINGS{dicaro08,
  author = {Di Caro, Luigi and Candan, K. Sel\c{c}uk and Sapino, Maria Luisa},
  title = {Using tagflake for condensing navigable tag hierarchies from tag
	clouds},
  booktitle = {Proceedings of the 14th ACM SIGKDD international conference on Knowledge
	discovery and data mining},
  year = {2008},
  series = {KDD '08},
  pages = {1069--1072},
  address = {New York, NY, USA},
  publisher = {ACM},
  acmid = {1402021},
  doi = {10.1145/1401890.1402021},
  isbn = {978-1-60558-193-4},
  keywords = {context based navigation, tagging, text processing},
  location = {Las Vegas, Nevada, USA},
  numpages = {4},
  owner = {Jessica},
  timestamp = {2012.05.12},
  url = {http://doi.acm.org/10.1145/1401890.1402021}
}

@BOOK{feathers04,
  title = {Working Effectively with Legacy Code},
  publisher = {Prentice Hall},
  year = {2004},
  author = {Feathers, Michael},
  owner = {Jessica},
  timestamp = {2012.03.19}
}

@INCOLLECTION{feinberg10,
  author = {Feinberg, Jonathan},
  title = {Wordle},
  booktitle = {Beautiful Visualization: Looking at Data through the Eyes of Experts},
  publisher = {O'Reilly Media},
  year = {2010},
  editor = {Steele, Julie and Iliinsky, Noah},
  chapter = {3},
  pages = {37--58},
  comment = {This is a chapter about wordle by wordle author, providing details
	about algorithms, and the strengths and weaknesses of word clouds},
  keywords = {Wordle, tag cloud, word cloud, information visualization},
  owner = {Jessica},
  timestamp = {2012.03.18}
}

@BOOK{fenton98,
  title = {Software Metrics: A Rigorous and Practical Approach},
  publisher = {PWS Publishing Co},
  year = {1998},
  author = {Fenton, Norman E. and Pfleeger, Shari Lawrence},
  edition = {2nd Edition},
  owner = {Jessica},
  timestamp = {2012.03.19}
}

@BOOK{fowler99,
  title = {Refactoring: Improving the Design of Existing Code},
  publisher = {Addison-Wesley},
  year = {1999},
  author = {Fowler, Martin},
  owner = {Jessica},
  timestamp = {2012.03.19}
}

@BOOK{fowler03,
  title = {Enterprise Integration Patterns: Designing, Building, and Deploying
	Messaging Solutions},
  publisher = {Add},
  year = {2003},
  author = {Fowler, Martin, and Hohpe, Gregor and Woolf, Bobby},
  owner = {Jessica},
  timestamp = {2012.05.13}
}

@INPROCEEDINGS{fujimara08,
  author = {Fujimura, Ko and Fujimura, Shigeru and Matsubayashi, Tatsushi and
	Yamada, Takeshi and Okuda, Hidenori},
  title = {Topigraphy: visualization for large-scale tag clouds},
  booktitle = {Proceedings of the 17th international conference on World Wide Web},
  year = {2008},
  series = {WWW '08},
  pages = {1087--1088},
  address = {New York, NY, USA},
  publisher = {ACM},
  acmid = {1367669},
  doi = {10.1145/1367497.1367669},
  isbn = {978-1-60558-085-2},
  keywords = {blog, clustering, search, tag clouds, topigraphy, topography},
  location = {Beijing, China},
  numpages = {2},
  owner = {Jessica},
  timestamp = {2012.05.12},
  url = {http://doi.acm.org/10.1145/1367497.1367669}
}

@BOOK{gamma94,
  title = {Design Patterns:
	
	Elements of Reusable Object-Oriented Software},
  publisher = {Addison-Wesley},
  year = {1994},
  author = {Gamma, Erich and Helm, Richard and Johnson, Ralph and Vlissides,
	John},
  owner = {Jessica},
  timestamp = {2012.03.19}
}

@BOOK{grady92,
  title = {Practical software metrics for project management and process improvement},
  publisher = {Prentice-Hall, Inc.},
  year = {1992},
  author = {Grady, Robert B.},
  address = {Upper Saddle River, NJ, USA},
  isbn = {0-13-720384-5},
  owner = {Jessica},
  timestamp = {2012.05.15}
}

@INPROCEEDINGS{halvey07,
  author = {Halvey, Martin J. and Keane, Mark T.},
  title = {An assessment of tag presentation techniques},
  booktitle = {Proceedings of the 16th international conference on World Wide Web},
  year = {2007},
  series = {WWW '07},
  pages = {1313--1314},
  address = {New York, NY, USA},
  publisher = {ACM},
  acmid = {1242826},
  doi = {10.1145/1242572.1242826},
  isbn = {978-1-59593-654-7},
  keywords = {evaluation, tag clouds, tagging, user studies, visualisation},
  location = {Banff, Alberta, Canada},
  numpages = {2},
  owner = {Jessica},
  timestamp = {2012.05.12},
  url = {http://doi.acm.org/10.1145/1242572.1242826}
}

@INPROCEEDINGS{harward10,
  author = {Harward, M. and Irwin, W. and Churcher, N.},
  title = {In Situ Software Visualisation},
  booktitle = {Software Engineering Conference (ASWEC), 2010 21st Australian},
  year = {2010},
  pages = {171 -180},
  month = {april},
  doi = {10.1109/ASWEC.2010.18},
  issn = {1530-0803},
  keywords = {CODERCHROME;IDE interface;code colouring;development environments;in
	situ software visualisation;information overlays;software engineering
	activities;program visualisation;programming environments;software
	metrics;},
  owner = {Jessica},
  timestamp = {2012.05.14}
}

@INPROCEEDINGS{hearst08,
  author = {Hearst, Marti A. and Rosner, Daniela},
  title = {Tag Clouds: Data Analysis Tool or Social Signaller?},
  booktitle = {Proceedings of the Proceedings of the 41st Annual Hawaii International
	Conference on System Sciences},
  year = {2008},
  series = {HICSS '08},
  pages = {160--},
  address = {Washington, DC, USA},
  publisher = {IEEE Computer Society},
  acmid = {1334989},
  doi = {10.1109/HICSS.2008.422},
  isbn = {0-7695-3075-8},
  owner = {Jessica},
  timestamp = {2012.05.12},
  url = {http://dx.doi.org/10.1109/HICSS.2008.422}
}

@BOOK{hendersonsellers95,
  title = {Object-Oriented Metrics: Measures of Complexity},
  publisher = {Prentice Hall},
  year = {1995},
  author = {Henderson-Sellers, Brian},
  owner = {Jessica},
  timestamp = {2012.03.19}
}

@INPROCEEDINGS{hoeber10,
  author = {Hoeber, O. and Hanze Liu},
  title = {Comparing Tag Clouds, Term Histograms, and Term Lists for Enhancing
	Personalized Web Search},
  booktitle = {Web Intelligence and Intelligent Agent Technology (WI-IAT), 2010
	IEEE/WIC/ACM International Conference on},
  year = {2010},
  volume = {3},
  pages = {309 -313},
  month = {31 2010-sept. 3},
  doi = {10.1109/WI-IAT.2010.42},
  keywords = {Web search interface;interactive re-ranking;search personalization;search
	visualization;tag cloud;term histogram;term list;Web sites;data visualisation;information
	retrieval;interactive systems;},
  owner = {Jessica},
  timestamp = {2012.05.12}
}

@MISC{hoffman06,
  author = {Kevin Hoffman},
  title = {In search of the perfect tag cloud.},
  howpublished = {Whitepaper},
  month = {August},
  year = {2006},
  owner = {Jessica},
  timestamp = {2012.05.13}
}

@BOOK{holub04,
  title = {Holub on Patterns: Learning Design Patterns by Looking at Code},
  publisher = {Apress},
  year = {2004},
  author = {Holub, Allen I.},
  owner = {Jessica},
  timestamp = {2012.04.20}
}

@INPROCEEDINGS{irwin03,
  author = {Irwin, W. and Churcher, N.},
  title = {Object oriented metrics: precision tools and configurable visualisations},
  booktitle = {Software Metrics Symposium, 2003. Proceedings. Ninth International},
  year = {2003},
  pages = { 112 - 123},
  month = {sept.},
  doi = {10.1109/METRIC.2003.1232460},
  issn = {1530-1435 },
  keywords = { JST model; Java; VRML; XML; empirical software engineering; metric
	visualisation; object oriented metrices; software metrics; software
	visualisation; static analysis; Java; XML; object-oriented programming;
	program diagnostics; program visualisation; programming language
	semantics; software metrics; software tools; three-dimensional displays;
	virtual reality languages;},
  owner = {Jessica},
  timestamp = {2012.05.14}
}

@ARTICLE{kaser07,
  author = {Owen Kaser and Daniel Lemire},
  title = {Tag-Cloud Drawing: Algorithms for Cloud Visualization},
  journal = {CoRR},
  year = {2007},
  volume = {abs/cs/0703109},
  bibsource = {DBLP, http://dblp.uni-trier.de},
  ee = {http://arxiv.org/abs/cs/0703109},
  owner = {Jessica},
  timestamp = {2012.05.12}
}

@INPROCEEDINGS{kasser03,
  author = {Kasser, Joseph E. and Cook, Stephen},
  title = {Using a Rapid Incremental Solution Construction Approach to Maximise
	the Completeness and Correctness of a Set of Requirements for a System},
  booktitle = {13th International INCOSE Symposium},
  year = {2003},
  owner = {Jessica},
  timestamp = {2012.03.19}
}

@INPROCEEDINGS{kuo07,
  author = {Kuo, Byron Y-L and Hentrich, Thomas and Good, Benjamin M . and Wilkinson,
	Mark D.},
  title = {Tag clouds for summarizing web search results},
  booktitle = {Proceedings of the 16th international conference on World Wide Web},
  year = {2007},
  series = {WWW '07},
  pages = {1203--1204},
  address = {New York, NY, USA},
  publisher = {ACM},
  acmid = {1242766},
  doi = {10.1145/1242572.1242766},
  isbn = {978-1-59593-654-7},
  keywords = {PubMed, content summarization, literature search, natural language
	processing, tag cloud, tagging, text mining, visualization},
  location = {Banff, Alberta, Canada},
  numpages = {2},
  owner = {Jessica},
  timestamp = {2012.06.05},
  url = {http://doi.acm.org/10.1145/1242572.1242766}
}

@BOOK{lanza06,
  title = {Object-Oriented Metrics in Practice: Using Software Metrics to Characterize,
	Evaluate and Improve the Design of Object-Oriented Systems},
  publisher = {Springer},
  year = {2006},
  author = {Lanza, Michele and Marinescu, Radu},
  owner = {Jessica},
  timestamp = {2012.03.19}
}

@ARTICLE{lee10,
  author = {Bongshin Lee and Riche, N.H. and Karlson, A.K. and Carpendale, S.},
  title = {SparkClouds: Visualizing Trends in Tag Clouds},
  journal = {Visualization and Computer Graphics, IEEE Transactions on},
  year = {2010},
  volume = {16},
  pages = {1182 -1189},
  number = {6},
  month = {nov.-dec. },
  doi = {10.1109/TVCG.2010.194},
  issn = {1077-2626},
  keywords = {SparkClouds;World Wide Web;tag clouds;tag frequency;trend visualization;Internet;data
	visualisation;},
  owner = {Jessica},
  timestamp = {2012.05.12}
}

@BOOK{lieberherr96,
  title = {Adaptative Object-Oriented Software: The Demeter Method},
  publisher = {PWS Publishing},
  year = {1996},
  author = {Lieberherr, Karl J.},
  owner = {Jessica},
  timestamp = {2012.04.23}
}

@INPROCEEDINGS{liskov87,
  author = {Liskov, Barbara},
  title = {Keynote address - data abstraction and hierarchy},
  booktitle = {Addendum to the proceedings on Object-oriented programming systems,
	languages and applications (Addendum)},
  year = {1987},
  series = {OOPSLA '87},
  pages = {17--34},
  address = {New York, NY, USA},
  publisher = {ACM},
  isbn = {0-89791-266-7},
  location = {Orlando, Florida, United States},
  numpages = {18},
  owner = {Jessica},
  timestamp = {2012.04.23}
}

@INPROCEEDINGS{lohmann09,
  author = {Lohmann, Steffen and Ziegler, J\"{u}rgen and Tetzlaff, Lena},
  title = {Comparison of Tag Cloud Layouts: Task-Related Performance and Visual
	Exploration},
  booktitle = {Proceedings of the 12th IFIP TC 13 International Conference on Human-Computer
	Interaction: Part I},
  year = {2009},
  series = {INTERACT '09},
  pages = {392--404},
  address = {Berlin, Heidelberg},
  publisher = {Springer-Verlag},
  acmid = {1615856},
  doi = {10.1007/978-3-642-03655-2_43},
  isbn = {978-3-642-03654-5},
  keywords = {Evaluation, Eye Tracking, Folksonomy, Navigation, Perception, Performance,
	Tag Clouds},
  location = {Uppsala, Sweden},
  numpages = {13},
  owner = {Jessica},
  timestamp = {2012.05.12},
  url = {http://dx.doi.org/10.1007/978-3-642-03655-2_43}
}

@BOOK{lorenz94,
  title = {Object-oriented Software Metrics: A Practical Guide},
  publisher = {Prentice-Hall},
  year = {1994},
  author = {Lorenz, Mark and Kidd, Jeff},
  owner = {Jessica},
  timestamp = {2012.03.19}
}

@INPROCEEDINGS{marinescu04,
  author = {Radu Marinescu},
  title = {Detection strategies: Metrics-based rules for detecting design flaws},
  booktitle = {In Proc. IEEE International Conference on Software Maintenance},
  year = {2004},
  owner = {Jessica},
  timestamp = {2012.05.17}
}

@BOOK{martin02,
  title = {Agile Software Development, Principles, Patterns, and Practices},
  publisher = {Prentice Hall},
  year = {2002},
  author = {Martin, Robert C.},
  isbn = {0135974445},
  owner = {Jessica},
  timestamp = {2012.04.23}
}

@ARTICLE{martin96dip,
  author = {Martin, Robert C.},
  title = {The Dependency Inversion Principle},
  journal = {The C++ Report},
  year = {1996},
  month = {May},
  owner = {Jessica},
  timestamp = {2012.04.23}
}

@ARTICLE{martin96isp,
  author = {Martin, Robert C.},
  title = {The Interface Segregation Principle},
  journal = {The C++ Report},
  year = {1996},
  month = {June},
  owner = {Jessica},
  timestamp = {2012.04.23}
}

@INPROCEEDINGS{mendes11,
  author = {Mendes, Daniel and Lopes, Pedro and Ferreira, Alfredo},
  title = {Hands-on interactive tabletop LEGO application},
  booktitle = {Proceedings of the 8th International Conference on Advances in Computer
	Entertainment Technology},
  year = {2011},
  series = {ACE '11},
  pages = {19:1--19:8},
  address = {New York, NY, USA},
  publisher = {ACM},
  acmid = {2071447},
  articleno = {19},
  doi = {10.1145/2071423.2071447},
  isbn = {978-1-4503-0827-4},
  keywords = {3D object manipulation, LEGO, LEGO building blocks, multi-touch tabletop,
	natural user},
  location = {Lisbon, Portugal},
  numpages = {8},
  owner = {Jessica},
  timestamp = {2012.05.14},
  url = {http://doi.acm.org/10.1145/2071423.2071447}
}

@ARTICLE{meyer92,
  author = {Meyer, Bertrand},
  title = {Applying "Design by Contract"},
  journal = {Computer},
  year = {1992},
  volume = {25},
  pages = {40--51},
  number = {10},
  month = oct,
  acmid = {619797},
  address = {Los Alamitos, CA, USA},
  issn = {0018-9162},
  issue_date = {October 1992},
  numpages = {12},
  owner = {Jessica},
  publisher = {IEEE Computer Society Press},
  timestamp = {2012.04.23}
}

@BOOK{meyer88,
  title = {Object-Oriented Software Construction},
  publisher = {Prentice Hall},
  year = {1988},
  author = {Meyer, Betrand},
  isbn = {0136290493},
  owner = {Jessica},
  timestamp = {2012.04.23}
}

@INPROCEEDINGS{mikhajlov98,
  author = {Mikhajlov, Leonid and Sekerinski, Emil},
  title = {A Study of The Fragile Base Class Problem},
  booktitle = {Proceedings of the 12th European Conference on Object-Oriented Programming},
  year = {1998},
  series = {ECCOP '98},
  pages = {355--382},
  address = {London, UK, UK},
  publisher = {Springer-Verlag},
  acmid = {679700},
  isbn = {3-540-64737-6},
  numpages = {28},
  owner = {Jessica},
  timestamp = {2012.04.23}
}

@INPROCEEDINGS{murphyhill10,
  author = {Murphy-Hill, Emerson and Black, Andrew P.},
  title = {An interactive ambient visualization for code smells},
  booktitle = {Proceedings of the 5th international symposium on Software visualization},
  year = {2010},
  series = {SOFTVIS '10},
  pages = {5--14},
  address = {New York, NY, USA},
  publisher = {ACM},
  acmid = {1879216},
  doi = {10.1145/1879211.1879216},
  isbn = {978-1-4503-0028-5},
  keywords = {code smells, refactoring, software, usability},
  location = {Salt Lake City, Utah, USA},
  numpages = {10},
  owner = {Jessica},
  timestamp = {2012.05.14},
  url = {http://doi.acm.org/10.1145/1879211.1879216}
}

@INPROCEEDINGS{nielsen92,
  author = {Nielsen, Jakob},
  title = {Finding Usability Problems through Heuristic Evaluation},
  booktitle = {Proceedings of the SIGCHI Conference on Human Factors in Computing
	Systems},
  year = {1992},
  pages = {pages 373380},
  publisher = {ACM Press},
  owner = {Jessica},
  timestamp = {2012.03.20}
}

@INPROCEEDINGS{nielsen90,
  author = {Nielsen, Jakob and Molich, Rolf},
  title = {Heuristic Evaluation of User Interfaces},
  booktitle = {Proceedings of the SIGCHI Conference on Human Factors in Computing
	Systems},
  year = {1990},
  pages = {pages 249256},
  publisher = {ACM Press},
  owner = {Jessica},
  timestamp = {2012.03.20}
}

@MISC{norvig,
  author = {Peter Norvig},
  howpublished = {\url{http://norvig.com/design-patterns/ppframe.htm}},
  owner = {Jessica},
  timestamp = {2012.05.13}
}

@INPROCEEDINGS{oosterman10,
  author = {Oosterman, Josh and Cockburn, Andy},
  title = {An empirical comparison of tag clouds and tables},
  booktitle = {Proceedings of the 22nd Conference of the Computer-Human Interaction
	Special Interest Group of Australia on Computer-Human Interaction},
  year = {2010},
  series = {OZCHI '10},
  pages = {288--295},
  address = {New York, NY, USA},
  publisher = {ACM},
  acmid = {1952284},
  doi = {10.1145/1952222.1952284},
  isbn = {978-1-4503-0502-0},
  keywords = {evaluation, navigation, tag cloud, word cloud},
  location = {Brisbane, Australia},
  numpages = {8},
  owner = {Jessica},
  timestamp = {2012.05.12},
  url = {http://doi.acm.org/10.1145/1952222.1952284}
}

@TECHREPORT{opdyke92,
  author = {Opdyke, William F.},
  title = {Refactoring Object-Oriented Frameworks},
  year = {1992},
  owner = {Jessica},
  timestamp = {2012.04.19}
}

@ARTICLE{price93,
  author = {Price, B.},
  title = {{A Principled Taxonomy of Software Visualization}},
  journal = {Journal of Visual Languages \& Computing},
  year = {1993},
  volume = {4},
  pages = {211--266},
  number = {3},
  month = sep,
  citeulike-article-id = {2639403},
  citeulike-linkout-0 = {http://dx.doi.org/10.1006/jvlc.1993.1015},
  citeulike-linkout-1 = {http://www.sciencedirect.com/science/article/B6WMM-45PVN5T-2Y/2/6aab32fcee8ba6022907bf8d95bb7f4a},
  doi = {10.1006/jvlc.1993.1015},
  issn = {1045926X},
  keywords = {softviz},
  owner = {Jessica},
  posted-at = {2008-04-07 22:42:13},
  priority = {2},
  timestamp = {2012.05.14},
  url = {http://dx.doi.org/10.1006/jvlc.1993.1015}
}

@BOOK{pugh06,
  title = {Interface-Oriented Design},
  publisher = {Pragmatic Bookshelf},
  year = {2006},
  author = {Pugh, Ken},
  owner = {Jessica},
  timestamp = {2012.04.20}
}

@BOOK{riel96,
  title = {Object-Oriented Design Heuristics},
  publisher = {Addison-Wesley Longman Publishing Co.},
  year = {1996},
  author = {Riel, Arthur J.},
  owner = {Jessica},
  timestamp = {2012.03.19}
}

@INPROCEEDINGS{rivadeneira07,
  author = {Rivadeneira, A. W. and Gruen, Daniel M. and Muller, Michael J. and
	Millen, David R.},
  title = {Getting our head in the clouds: toward evaluation studies of tagclouds},
  booktitle = {Proceedings of the SIGCHI conference on Human factors in computing
	systems},
  year = {2007},
  series = {CHI '07},
  pages = {995--998},
  address = {New York, NY, USA},
  publisher = {ACM},
  acmid = {1240775},
  doi = {10.1145/1240624.1240775},
  isbn = {978-1-59593-593-9},
  keywords = {evaluation, folksonomy, social software, tagcloud, tagging, visualization},
  location = {San Jose, California, USA},
  numpages = {4},
  owner = {Jessica},
  timestamp = {2012.05.12},
  url = {http://doi.acm.org/10.1145/1240624.1240775}
}

@INPROCEEDINGS{schrammel09b,
  author = {Schrammel, Johann and Deutsch, Stephanie and Tscheligi, Manfred},
  title = {Visual Search Strategies of Tag Clouds - Results from an Eyetracking
	Study},
  booktitle = {Proceedings of the 12th IFIP TC 13 International Conference on Human-Computer
	Interaction: Part II},
  year = {2009},
  series = {INTERACT '09},
  pages = {819--831},
  address = {Berlin, Heidelberg},
  publisher = {Springer-Verlag},
  acmid = {1616325},
  doi = {10.1007/978-3-642-03658-3_85},
  isbn = {978-3-642-03657-6},
  keywords = {Tag clouds, clustering, eye tracking, folksonomy, semantic grouping,
	visualization},
  location = {Uppsala, Sweden},
  numpages = {13},
  owner = {Jessica},
  timestamp = {2012.05.13},
  url = {http://dx.doi.org/10.1007/978-3-642-03658-3_85}
}

@INPROCEEDINGS{schrammel09,
  author = {Schrammel, Johann and Leitner, Michael and Tscheligi, Manfred},
  title = {Semantically structured tag clouds: an empirical evaluation of clustered
	presentation approaches},
  booktitle = {Proceedings of the 27th international conference on Human factors
	in computing systems},
  year = {2009},
  series = {CHI '09},
  pages = {2037--2040},
  address = {New York, NY, USA},
  publisher = {ACM},
  acmid = {1519010},
  doi = {10.1145/1518701.1519010},
  isbn = {978-1-60558-246-7},
  keywords = {clustering, folksonomy, tag clouds, visualization},
  location = {Boston, MA, USA},
  numpages = {4},
  owner = {Jessica},
  timestamp = {2012.05.12},
  url = {http://doi.acm.org/10.1145/1518701.1519010}
}

@INPROCEEDINGS{seifert08,
  author = {Seifert, C. and Kump, B. and Kienreich, W. and Granitzer, G. and
	Granitzer, M.},
  title = {On the Beauty and Usability of Tag Clouds},
  booktitle = {Information Visualisation, 2008. IV '08. 12th International Conference},
  year = {2008},
  pages = {17 -25},
  month = {july},
  doi = {10.1109/IV.2008.89},
  issn = {1550-6037},
  keywords = {arbitrary convex polygons;overlapping tags;tag cloud layout;text-based
	visual representations;data visualisation;},
  owner = {Jessica},
  timestamp = {2012.05.12}
}

@ARTICLE{sinclair08,
  author = {Sinclair, James and Cardew-Hall, Michael},
  title = {The folksonomy tag cloud: when is it useful?},
  journal = {J. Inf. Sci.},
  year = {2008},
  volume = {34},
  pages = {15--29},
  number = {1},
  month = feb,
  acmid = {1330366},
  address = {Thousand Oaks, CA, USA},
  doi = {10.1177/0165551506078083},
  issn = {0165-5515},
  issue_date = {February 2008},
  keywords = {collaborative tagging, folksonomies, information retrieval, tag clouds,
	user interfaces},
  numpages = {15},
  owner = {Jessica},
  publisher = {Sage Publications, Inc.},
  timestamp = {2012.06.05},
  url = {http://dx.doi.org/10.1177/0165551506078083}
}

@BOOK{spence07,
  title = {Information Visualization: Design for Interaction},
  publisher = {Prentice Hall},
  year = {2007},
  author = {Spence, Robert},
  month = {2nd Edition},
  owner = {Jessica},
  timestamp = {2012.03.19}
}

@ARTICLE{storey09,
  author = {Storey, M.-A. and Ryall, J. and Singer, J. and Myers, D. and Li-Te
	Cheng and Muller, M.},
  title = {How Software Developers Use Tagging to Support Reminding and Refinding},
  journal = {Software Engineering, IEEE Transactions on},
  year = {2009},
  volume = {35},
  pages = {470 -483},
  number = {4},
  month = {july-aug. },
  doi = {10.1109/TSE.2009.15},
  issn = {0098-5589},
  keywords = {modern development environments;social tagging;software development
	tools;software engineering activities;software maintenance;software
	navigation;source code annotations;waypointing;authoring systems;software
	maintenance;},
  owner = {Jessica},
  timestamp = {2012.05.14}
}

@BOOK{ware08,
  title = {Visual Thinking for Design},
  publisher = {Morgan Kaufmann},
  year = {2008},
  author = {Ware, Colin},
  owner = {Jessica},
  timestamp = {2012.03.19}
}

@BOOK{ware04,
  title = {Information Visualization: Perception for Design},
  publisher = {Morgan Kaufmann},
  year = {2004},
  author = {Ware, Colin},
  edition = {2nd Edition},
  owner = {Jessica},
  timestamp = {2012.03.19}
}

@MISC{aspectjurl,
  howpublished = {\url{http://www.eclipse.org/aspectj/}},
  owner = {Jessica},
  timestamp = {2012.06.04}
}

@MISC{coberturaurl,
  howpublished = {\url{http://cobertura.sourceforge.net/index.html}},
  owner = {Jessica},
  timestamp = {2012.05.05}
}

@MISC{dtraceurl,
  howpublished = {\url{http://dtrace.org/blogs/about/}},
  owner = {Jessica},
  timestamp = {2012.05.05}
}

@MISC{fowlerwebsite,
  howpublished = {\url{http://martinfowler.com/refactoring/catalog/index.html}},
  comment = {Martin Fowler's web site, contains list of refactoring types and motivations},
  owner = {Jessica},
  timestamp = {2012.04.19}
}

@MISC{juniturl,
  howpublished = {\url{http://www.junit.org/}},
  owner = {Jessica},
  timestamp = {2012.04.23}
}

@MISC{memanalurl,
  howpublished = {\url{http://www.eclipse.org/mat/}},
  owner = {Jessica},
  timestamp = {2012.05.05}
}

@MISC{ncoverurl,
  howpublished = {\url{http://www.ncover.com/}},
  owner = {Jessica},
  timestamp = {2012.05.05}
}

@MISC{nuniturl,
  howpublished = {\url{http://www.nunit.org/}},
  owner = {Jessica},
  timestamp = {2012.04.23}
}

